<?xml version="1.0" encoding="UTF-8"?><collection xmlns="http://www.loc.gov/MARC21/slim"><record><leader>00347nam--2200109-i-4500</leader><controlfield tag="001">000006456</controlfield><controlfield tag="002">20161230</controlfield><controlfield tag="005">20161230201026</controlfield><controlfield tag="008">060222s1000------------r-----000-0-eng-d</controlfield><datafield ind1=" " ind2=" " tag="245"><subfield code="a">Colloque sur l emploi des radioisotopes en hydrologie. tokyo, 5-9 mars, 1963. resumes des memoires</subfield></datafield><datafield ind1=" " ind2=" " tag="260"><subfield code="a">Vienne, Agence Intern.De L</subfield></datafield><datafield ind1=" " ind2=" " tag="490"><subfield code="a">Energie Atom., 1963 47p</subfield></datafield></record></collection>